<?xml version="1.0" encoding="UTF-8"?><record xmlns="http://www.loc.gov/MARC21/slim" xmlns:cinclude="http://apache.org/cocoon/include/1.0" xmlns:zs="http://www.loc.gov/zing/srw/">
  <leader>00397cz  a2200133n  4500</leader>
  <controlfield tag="001">no 91002158 </controlfield>
  <controlfield tag="003">DLC</controlfield>
  <controlfield tag="005">19910222102324.2</controlfield>
  <controlfield tag="008">910129n| acannaab|          |a ana      </controlfield>
  <datafield tag="010" ind1=" " ind2=" ">
    <subfield code="a">no 91002158 </subfield>
  </datafield>
  <datafield tag="040" ind1=" " ind2=" ">
    <subfield code="a">DLC-S</subfield>
    <subfield code="c">DLC-S</subfield>
    <subfield code="d">DLC-S</subfield>
  </datafield>
  <datafield tag="110" ind1="2" ind2="0">
    <subfield code="a">Leonard McMahon, Incorporated</subfield>
  </datafield>
  <datafield tag="410" ind1="2" ind2="0">
    <subfield code="a">McMahon, Incorporated</subfield>
  </datafield>
  <datafield tag="670" ind1=" " ind2=" ">
    <subfield code="a">McMahon heavy construction cost guide, 1989:</subfield>
    <subfield code="b">t.p. (Leonard McMahon, Incorporated)</subfield>
  </datafield>
</record>